<?xml version="1.0" encoding="UTF-8"?><collection xmlns="http://www.loc.gov/MARC21/slim"><record><leader>00527nam--2200193-u-4500</leader><controlfield tag="001">000054776</controlfield><controlfield tag="002">20161230</controlfield><controlfield tag="005">20161230201051</controlfield><controlfield tag="008">120611s1000------------r-----000-0-rus-d</controlfield><datafield ind1=" " ind2=" " tag="040"><subfield code="a">IFIN-HH</subfield></datafield><datafield ind1=" " ind2=" " tag="041"><subfield code="a">rus</subfield></datafield><datafield ind1=" " ind2=" " tag="080"><subfield code="a">539.17:539.12</subfield></datafield><datafield ind1="1" ind2=" " tag="100"><subfield code="a">Barasenkov, V.S</subfield></datafield><datafield ind1="1" ind2="0" tag="245"><subfield code="a">Vzaimodeistvia visokoenergeticeskih ceastit i atomnih iader s iadrami</subfield><subfield code="c">V.s.barasenkov, v.d. toneev</subfield></datafield><datafield ind1=" " ind2=" " tag="260"><subfield code="a">Moskva</subfield><subfield code="b">Atomizdat</subfield><subfield code="c">1972</subfield></datafield><datafield ind1=" " ind2=" " tag="300"><subfield code="a">648P</subfield></datafield><datafield ind1="1" ind2=" " tag="700"><subfield code="a">Tonnev, V.D</subfield></datafield><datafield ind1=" " ind2=" " tag="852"><subfield code="a">38923</subfield><subfield code="c">539.17</subfield></datafield><datafield ind1=" " ind2=" " tag="CAT"><subfield code="a">Sys</subfield><subfield code="c">20120611</subfield><subfield code="h">101845</subfield></datafield></record></collection>